<?xml version="1.0" encoding="UTF-8"?><record xmlns="http://www.loc.gov/MARC21/slim" xmlns:cinclude="http://apache.org/cocoon/include/1.0" xmlns:zs="http://www.loc.gov/zing/srw/">
  <leader>01777cz  a2200289n  4500</leader>
  <controlfield tag="001">n  83731170 </controlfield>
  <controlfield tag="003">DLC</controlfield>
  <controlfield tag="005">20081127075659.0</controlfield>
  <controlfield tag="008">840213n| acaaaaaan          |a ana      </controlfield>
  <datafield tag="010" ind1=" " ind2=" ">
    <subfield code="a">n  83731170 </subfield>
  </datafield>
  <datafield tag="035" ind1=" " ind2=" ">
    <subfield code="a">(OCoLC)oca01070299</subfield>
  </datafield>
  <datafield tag="040" ind1=" " ind2=" ">
    <subfield code="a">DLC</subfield>
    <subfield code="b">eng</subfield>
    <subfield code="c">DLC</subfield>
    <subfield code="d">DLC</subfield>
    <subfield code="d">OCoLC</subfield>
  </datafield>
  <datafield tag="050" ind1=" " ind2=" ">
    <subfield code="a">TC801</subfield>
    <subfield code="b">.M6</subfield>
  </datafield>
  <datafield tag="130" ind1=" " ind2="0">
    <subfield code="a">Memorandum técnico</subfield>
  </datafield>
  <datafield tag="410" ind1="1" ind2=" ">
    <subfield code="a">Mexico.</subfield>
    <subfield code="b">Dirección General de Distritos de Riego.</subfield>
    <subfield code="b">Dirección de Estadística y Estudios Económicos.</subfield>
    <subfield code="t">Memorandum técnico</subfield>
  </datafield>
  <datafield tag="410" ind1="1" ind2=" ">
    <subfield code="a">Mexico.</subfield>
    <subfield code="b">Dirección General de Distritos y Unidades de Riego.</subfield>
    <subfield code="t">Memorandum técnico</subfield>
  </datafield>
  <datafield tag="642" ind1=" " ind2=" ">
    <subfield code="a">núm. 302</subfield>
    <subfield code="5">DLC</subfield>
  </datafield>
  <datafield tag="643" ind1=" " ind2=" ">
    <subfield code="a">México, D.F.</subfield>
    <subfield code="b">Secretaría de Agricultura y Recursos Hidráulicos, Subsecretaría de Agricultura y Operación, Dirección General de Distritos y Unidades de Riego</subfield>
    <subfield code="d">&lt;núm. 377-   &gt;</subfield>
  </datafield>
  <datafield tag="643" ind1=" " ind2=" ">
    <subfield code="a">México, D.F.</subfield>
    <subfield code="b">Secretaría de Recursos Hidráulicos, Dirección General de Distritos de Riego, Dirección de Estadística y Estudios Económicos</subfield>
    <subfield code="d">&lt;núm. 302-núm. 366   &gt;</subfield>
  </datafield>
  <datafield tag="644" ind1=" " ind2=" ">
    <subfield code="a">n</subfield>
    <subfield code="d">Items processed after Apr. 30, 1985</subfield>
    <subfield code="5">DLC</subfield>
  </datafield>
  <datafield tag="644" ind1=" " ind2=" ">
    <subfield code="a">p</subfield>
    <subfield code="d">Items processed before May 1, 1985</subfield>
    <subfield code="5">DLC</subfield>
  </datafield>
  <datafield tag="645" ind1=" " ind2=" ">
    <subfield code="a">t</subfield>
    <subfield code="5">DLC</subfield>
  </datafield>
  <datafield tag="646" ind1=" " ind2=" ">
    <subfield code="a">c</subfield>
    <subfield code="5">DLC</subfield>
  </datafield>
  <datafield tag="667" ind1=" " ind2=" ">
    <subfield code="a">Document</subfield>
  </datafield>
  <datafield tag="667" ind1=" " ind2=" ">
    <subfield code="a">Includes old catalog headings: Mexico. Dirección de Distritos de Riego. Memorandum técnico, and, Mexico. Dirección de Distritos de Riego. Dirección de Estadística y Estudios Económicos. Memorandum técnico</subfield>
  </datafield>
  <datafield tag="670" ind1=" " ind2=" ">
    <subfield code="a">Morán García, E. Balance hidrológico entre el agua disponible y la demanda en un distrito de riego, 1972:</subfield>
    <subfield code="b">t.p.</subfield>
  </datafield>
  <datafield tag="670" ind1=" " ind2=" ">
    <subfield code="a">El Seguro agrícola, 1978:</subfield>
    <subfield code="b">t.p. (Series issued by Secretaría de Agricultura y Recursos Hidráulicos, Subsecretaría de Agricultura y Operación, Dirección General de Distritos y Unidades de Riego)</subfield>
  </datafield>
</record>